@online{CDC,
  author = "CDC",
  title  = "Data & Statistics on Autism Spectrum Disorder",
  year   = "2019",
  howpublished = {\url{https://www.cdc.gov/ncbddd/autism/data.html}},
  note = {Acesso em: 08/07/2019}
}

@online{Thabtah2017,
  author = "Fadi Fayez Thabtah",
  title  = "Autistic {S}pectrum {D}isorder {S}creening {D}ata for {C}hildren {D}ata {S}et - {UC} {I}rvine {M}achine {L}earning {R}epository",
  year   = "2017",
  howpublished = {\url{https://bit.ly/36DHgxC}},
  note = {Acesso em: 08/07/2019}
}

@inproceedings{Halibas:2018,
author={Alrence Santiago Halibas and Leslyn Bonachita Reazol and Erbeth Gerald Tongco Delvo and Jannette Cui Tibudan},
booktitle={2018 International Conference on Innovation and Intelligence for Informatics, Computing, and Technologies (3ICT)},
title={Performance Analysis of Machine Learning Classifiers for ASD Screening},
year={2018},
volume={},
number={},
pages={1-6},
keywords={},
month={November}
}

@BOOK{APA2014,
      AUTHOR = "American Psychiatric Association APA",
      TITLE = "DSM-5 - Manual Diagnóstico e Estatístico de Transtornos Mentais",
      PUBLISHER = "Artmed",
      YEAR =  "2014"
}

@article{Mach,
  title={The effect of splitting on random forests},
  author={Ishwaran, Hemant},
  journal={Machine Learning},
  volume={99},
  number={1},
  pages={75--118},
  year={2015},
  publisher={Springer}
}

@article{Yongxia,
  title={Multiparametric MRI characterization and prediction in autism spectrum disorder using graph theory and machine learning},
  author={Zhou, Yongxia and Yu, Fang and Duong, Timothy},
  journal={PloS one},
  volume={9},
  number={6},
  pages={e90405},
  year={2014},
  publisher={Public Library of Science}
}

@article{de2019analise,
  title={An{\'a}lise de Desempenho com Redes Neurais Artificiais, Arquiteturas {MLP} e {RBF} para um Problema de Classifica{\c{c}}{\~a}o de Crian{\c{c}}as com Autismo},
  author={Rhyan Ximenes de Brito and Carlos Alexandre Rolim Fernandes and Márcio André Baima Amora},
  volume = {12},
  number = {1},
  journal={iSys-Brazilian Journal of Information Systems},
  year={2019}
}

@article{Wenbo,
  title={Identifying children with autism spectrum disorder based on their face processing abnormality: A machine learning framework},
  author={Liu, Wenbo and Li, Ming and Yi, Li},
  journal={Autism Research},
  volume={9},
  number={8},
  pages={888--898},
  year={2016},
  publisher={Wiley Online Library}
}

@article{IEEE,
  title={A survey of decision tree classifier methodology},
  author={Safavian, S Rasoul and Landgrebe, David},
  journal={IEEE transactions on systems, man, and cybernetics},
  volume={21},
  number={3},
  pages={660--674},
  year={1991},
  publisher={IEEE}
}

@article{Rezende1999,
  title={Sistemas inteligentes para engenharia: pesquisa e desenvolvimento},
  author={Rezende, Solange Oliveira and Monard, Maria Carolina and Carvalho, Andr{\'e} Carlos Ponce de Leon},
  journal={Anais III Workshop de Sistemas Inteligentes para Engenharia},
  Publisher = {Editora UFMG},
  year={1999}
}

@online{autismspeaks,
  author = "Autism Speaks",
  title  = "Autism Speaks",
  year = "2019",
  howpublished = {\url{https://www.autismspeaks.org/}},
  note = {Acesso em: 05/04/2019}
}


@online{datascienceufc,
  title={{Grupo de Ciência de Dados da Universidade Federal do Ceará}},
  howpublished = {\url{https://datascience-ufc.github.io}},
  author={{Blog datascienceUFC}},
  year={2018},
  note = {Acesso em: 22/08/2019}
}

@misc{Dua:2019 ,
title = "{UCI} Machine Learning Repository",
howplubished = {\url{"http://archive.ics.uci.edu/ml"}},
institution = "University of California, Irvine, School of Information and Computer Sciences",
author = "Dua, Dheeru and Graff, Casey",
year = "2017"}

@Book{joel,
  author = 	 {Joel Grus},
  title = 	 {Data Science do Zero},
  publisher = 	 {Alta Books},
  year = 	 {2016},
  edition = 	 {1th}
}

@article{zaji2019application,
  title={Application of optimized Artificial and Radial Basis neural networks by using modified Genetic Algorithm on discharge coefficient prediction of modified labyrinth side weir with two and four cycles},
  author={Zaji, Amir Hossein and Bonakdari, Hossein and Khameneh, Hamed Zahedi and Khodashenas, Saeed Reza},
  journal={Measurement},
  pages={107291},
  year={2019},
  publisher={Elsevier}
}


@online{icmc,
  title={{Redes Neurais Artificiais}},
  howpublished = {\url{http://conteudo.icmc.usp.br/pessoas/andre/research/\\neural/}},
  author={{ICMC-USP}},
  year={2020},
  note = {Acesso em: 03/01/2020}
}

@article{TEIXEIRA:2010,
   title = {{Literatura cient{\'i}fica brasileira sobre transtornos do espectro autista}},
   journal = {{Revista da Associa{\c{c}}{\~a}o M{\'e}dica Brasileira}},
   author={Teixeira, Maria Cristina Triguero Veloz AND Mecca, Tatiana Pontrelli AND Velloso, Renata de Lima AND Bravo, Riviane Borghesi AND Ribeiro, Sabrina Helena Bandini AND Mercadante, Marcos Tomanik AND Paula, Cristiane Silvestre de},
   volume = {56},
   year = {2010},
   month = {2010},
   pages = {607-614}
   }
   
@book{HAYKIN:2001,
   author    = {Simon Haykin}, 
   title     = {Redes Neurais: Princ{\'i}pios e pr{\'a}tica},
   publisher = {Bookman},
   year      = 2001,
   address   = {Porto Alegre},
   edition   = 2,
   }

@INPROCEEDINGS{Elbattah:2019,
 author={Mahmoud Elbattah and Romuald Carette and Gilles Dequen and Jean-Luc Gu{\'e}rin and Federica Cilia},
 booktitle={41st Annual International Conference of the IEEE Engineering in Medicine and Biology Society (EMBC)},
 title={Learning Clusters in Autism Spectrum Disorder: Image-Based Clustering of Eye-Tracking Scanpaths with Deep Autoencoder},
 year={2019},
 pages={1417-1420},
 month={July},
}

@INPROCEEDINGS{Sartipi:2018,
  author={Shadi Sartipi and Mahrokh G. Shayesteh and Hashem Kalbkhani},
  booktitle={9th International Symposium on Telecommunications (IST)},
  title={Diagnosing of Autism Spectrum Disorder based on GARCH Variance Series for rs-fMRI data},
  year={2018},
  pages={86-90},
  month={December},
}

@INPROCEEDINGS{Dutta:2017,
 author={Sushama Rani Dutta and Soumyajit Giri and Sujoy Datta and Monideepa Roy},
 booktitle={International Conference on Information Technology (ICIT 2017)},
 title={A Machine Learning-Based Method for Autism Diagnosis Assistance in Children},
 year={2017},
 pages={36-41},
 month={December},
}

@article{Talabani:2018,
  title={Performance Comparison of SVM Kernel Types on Child Autism Disease Database},
  author={Hardi Talabani and Engin Avci},
  journal={International Conference on Artificial Intelligence and Data Processing (IDAP 2018)},
  year={2018},
  pages={1-5}
}

@article{Akter:2019,
  title={Machine Learning-Based Models for Early Stage Detection of Autism Spectrum Disorders},
  author={Tania Akter and Md. Shahriare Satu and Md. Monjurul Islam Khan and Mohammad Hanif Ali and Shahadat Uddin and Pietro Li{\'o} and Julian M. W. Quinn and Mohammad Ali Moni},
  journal={IEEE Access},
  year={2019},
  volume={7},
  pages={166509-166527}
}

@article{Yuan:2012,
  title={Sampling + reweighting: Boosting the performance of AdaBoost on imbalanced datasets},
  author={Bo Yuan and Xiaoli Ma},
  journal={International Joint Conference on Neural Networks (IJCNN 2012)},
  year={2012},
  pages={1-6}
}

@article{Thabtah:2018,
  title={A new computational intelligence approach to detect autistic features for autism screening},
  author={Fadi A. Thabtah and Firuz Kamalov and Khairan Rajab},
  journal={International Journal of Medical Informatics},
  year={2018},
  volume={117},
  pages={112-124}
}

@article{Gok:2019,
  author  = {Murat G{\"o}k}, 
  title   = {A novel machine learning model to predict autism spectrum disorders risk gene},
  journal = {Neural Computing and Applications},
  year    = 2019,
  number  = 10,
  volume  = 31,
  pages   = {6711–6717},
  month   = {October}
}

@article{Hyde:2019,
  author  = {Kayleigh K. Hyde and Marlena N. Novack and Nicholas LaHaye and Chelsea Parlett-Pelleriti and Raymond Anden and Dennis R. Dixon and Erik Linstead}, 
  title   = {Applications of Supervised Machine Learning in Autism Spectrum Disorder Research: a Review},
  journal = {Review Journal of Autism and Developmental Disorders},
  year    = 2019,
  number  = 2,
  volume  = 6,
  pages   = {128–146},
  month   = {June},
}

@article{Usta:2019,
author = {Mirac Baris Usta and Koray Karabekiroglu and Berkan Sahin and Muazzez Aydin and Abdullah Bozkurt and Tolga Karaosman and Armagan Aral and Cansu Cobanoglu and Aysegül Duman Kurt and Neriman Kesim and Irem Sahin and Emre {\"U}rer},
title = {Use of machine learning methods in prediction of short-term outcome in autism spectrum disorders},
journal = {Psychiatry and Clinical Psychopharmacology},
volume = {29},
number = {3},
pages = {320-325},
year  = {2019},
publisher = {Taylor & Francis}
}

@article{Sasson:2018,
author="Ben-Sasson, Ayelet and Robins, Diana L and Yom-Tov, Elad",
title="Risk Assessment for Parents Who Suspect Their Child Has Autism Spectrum Disorder: Machine Learning Approach",
journal="Journal of Medical Internet Research",
year="2018",
month="April",
volume="20",
number="4",
pages="1-10",
}

@article{Abbas:2018,
author="Halim Abbas and Ford Garberson and Eric Glover and Dennis P Wall",
title="Machine learning approach for early detection of autism by combining questionnaire and home video screening",
journal="Journal of the American Medical Informatics Association",
year="2018",
month="August",
volume="25",
number="8",
pages="1000–1007",
}

@mastersthesis{Maciel:2016,
  author       = {Osenildo Marques Maciel}, 
  title        = {Algoritmos Quase-Newton para otimiza{\c{c}}{\~a}o multiobjetivo},
  school       = {Universidade Federal do Amazonas},
  year         = 2016,
  address      = {Manaus-AM}
}

@article{samsudin2010hybrid,
  title={A hybrid least squares support vector machines and GMDH approach for river flow forecasting},
  author={Samsudin, R and Saad, P and Shabri, A},
  journal={Hydrology and Earth System Sciences Discussions},
  volume={7},
  number={3},
  pages={3691--3731},
  year={2010},
  publisher={Copernicus GmbH}
}

@article{huang2015maximum,
  title={Maximum F1-score discriminative training criterion for automatic mispronunciation detection},
  author={Huang, Hao and Xu, Haihua and Wang, Xianhui and Silamu, Wushour},
  journal={IEEE/ACM Transactions on Audio, Speech, and Language Processing},
  volume={23},
  number={4},
  pages={787--797},
  year={2015},
  publisher={IEEE}
}
  
 @inproceedings{zhang2019overfitting,
  title={Overfitting and Underfitting Analysis for Deep Learning Based End-to-end Communication Systems},
  author={Zhang, Haotian and Zhang, Lin and Jiang, Yuan},
  booktitle={2019 11th International Conference on Wireless Communications and Signal Processing (WCSP)},
  pages={1--6},
  year=2019,
  organization={IEEE}
}
  
@INPROCEEDINGS{Albuquerque:2018,
author={Alberto Albuquerque and Tiago Amador and Renato Ferreira and Adriano Veloso and Nivio Ziviani},
booktitle={International Joint Conference on Neural Networks (IJCNN 2018)},
title={Learning to Rank with Deep Autoencoder Features},
year={2018},
pages={1-8},
month={July}
}
